@book{fmcbook,
 author={Thanos Tsouanas},
 title={Matemática Fundacional para Computação},
 year={2017--2022},
 note={Work in progress},
 publisher={\url{http://www.tsouanas.org/fmcbook}},
 address={Universidade Federal do Rio Grande do Norte},
}
