@book{fmcbook,
 author={Thanos Tsouanas},
 title={Matemática Fundacional para Computação},
 year={2017--2021},
 note={Work in progress},
 publisher={\url{http://www.tsouanas.org/fmcbook}},
 address={Universidade Federal do Rio Grande do Norte},
}

@incollection{Abramsky1997,
 author = {Abramsky, Samson},
 affiliation = {University of Edinburgh, Laboratory for the Foundations of Computer Science, UK},
 title = {Game semantics for programming languages},
 booktitle = {Mathematical Foundations of Computer Science 1997},
 series = {Lecture Notes in Computer Science},
 editor = {Pr\'ivara, Igor and Ruzicka, Peter},
 publisher = {Springer Berlin / Heidelberg},
 volume = {1295},
 url = {http://dx.doi.org/10.1007/BFb0029944},
 note = {10.1007/BFb0029944},
 year = {1997}
}

@article{vEm1986,
 author = {van Emden, M. H.},
 title = {Quantitative Deduction And Its Fixpoint Theory},
 journal = {Journal of Logic Programming},
 year = {1986},
 volume = {3},
 pages = {37--53},
 publisher = {Elsevier Science Inc.},
 address = {New York, NY, USA},
}

@incollection{lorenzengames,
 author = {Paul Lorenzen},
 title = {Ein dialogisches Konstruktivitätskriterium},
 booktitle = {Infinitistic Methods: Proceedings of the Symposium on Foundations of Mathematics, Warsaw, 2--9 September 1959},
 pages = {193--200},
 publisher = {Pergamon Press},
 year = {1961}
}

@unpublished{Miller2011,
 author    = {Dale Miller},
 title     = {Proof Search and Computation---A Monograph},
 year      = {2011},
 url       = "http://www.lix.polytechnique.fr/Labo/Dale.Miller/mpri/ln2012.pdf"
 }

@article{MS2006,
 author    = {Dale Miller and Alexis Saurin},
 title     = {A Game Semantics for Proof Search: Preliminary Results},
 journal   = {Electronic Notes in Theoretical Computer Science},
 volume    = {155},
 year      = {2006},
 pages     = {543--563},
 ee        = {http://dx.doi.org/10.1016/j.entcs.2005.11.072},
 bibsource = {DBLP, http://dblp.uni-trier.de}
 }

@article{MNPS1991,
 author = {Dale Miller and Gopalan Nadathur and Frank Pfenning and Andre Scedrov},
 title = {Uniform proofs as a foundation for logic programming},
 journal = {Annals of Pure and Applied Logic},
 year = {1991},
 volume = {51},
 pages = {125--157}
}

@article{Clark1979,
 author = {Clark, Keith},
 title = {Predicate Logic as a Computational Formalism},
 year = {1979},
 address = {Department of Computing, Imperial College},
}

@ARTICLE{Fit1999,
 author = {Melvin Fitting},
 title = {Fixpoint Semantics for Logic Programming---A Survey},
 journal = {Theoretical Computer Science},
 year = {1999},
 volume = {278},
 pages = {25--51}
}

@article{lpsemantics,
 author = {M. H. van Emden and R. A. Kowalski},
 title = {The Semantics of Predicate Logic as a Programming Language},
 journal = {Journal of the ACM},
 year = {1976},
 volume = {23},
 pages = {569--574}
}

@article{Rob65,
 author = {Robinson, J. A.},
 title = {A Machine-Oriented Logic Based on the Resolution Principle},
 journal = {J. ACM},
 volume = {12},
 number = {1},
 year = {1965},
 issn = {0004-5411},
 pages = {23--41},
 doi = {http://doi.acm.org/10.1145/321250.321253},
 publisher = {ACM},
 address = {New York, NY, USA},
}

@book{pascaltriangle,
 title={Traité du triangle arithmétique avec quelques autres petits traitez sur la mesme matière},
 author={Pascal, Blaise},
 url={https://books.google.fr/books?id=UqgUAAAAQAAJ},
 year={1665},
 publisher={G. Desprez}
}

@incollection{aczelinductive,
 author     = {Peter Aczel},
 title      = {An Introduction to Inductive Definitions},
 year       = {1977},
 booktitle  = {Handbook of Mathematical Logic},
 editor     = {Jon Barwise},
 publisher  = {North-Holland},
 address    = {Amsterdam},
 pages      = {739--782},
}

@unpublished{aczelrathjencst,
 author     = {Aczel, Peter and Rathjen, Michael},
 title      = {Constructive Set Theory},
 note       = {book draft: \url{http://www1.maths.leeds.ac.uk/~rathjen/book.pdf}},
 year       = {2010},
}

@book{velleman,
 author = {Velleman, D. J.},
 title = {How to prove it: A structured approach (2nd ed.)},
 publisher = {Cambridge University Press},
 year = {2006},
 address = {Cambridge}
}

@book{babybm,
 title={A Survey of Modern Algebra},
 author={Garrett Birkhoff and Saunders {Mac~Lane}},
 isbn={9781568810683},
 lccn={97000372},
 series={AKP classics},
 url={https://books.google.com.br/books?id=FnP7sHxjt6gC},
 year={1977},
 publisher={Taylor \& Francis}
}

@book{papamb,
 title={Algebra},
 author={Saunders {Mac~Lane} and Garrett Birkhoff},
 isbn={9780821816462},
 lccn={87071728},
 series={AMS Chelsea Publishing Series},
 url={https://books.google.com.br/books?id=L6FENd8GHIUC},
 year={1999},
 publisher={Chelsea Publishing Company}
}

@book{vickerstopology,
 title={Topology Via Logic},
 author={Vickers, S.},
 isbn={9780521576512},
 lccn={89000541},
 series={Cambridge Tracts in Theoretical Computer Science},
 year={1996},
 publisher={Cambridge University Press}
}

@book{DaveyPriestley,
 author    = {Brian A. Davey and Hilary A. Priestley},
 title     = {Introduction to Lattices and Order (2nd ed.)},
 publisher = {Cambridge University Press},
 year      = {2002},
 isbn      = {978-0-521-78451-1},
 pages     = {I-XII, 1-298},
 bibsource = {DBLP, http://dblp.uni-trier.de}
}

@book{escardosynthetic,
 author    = {Martín Escardó},
 title     = {Synthetic topology of data types and classical spaces},
 series    = {Electronic Notes in Theoretical Computer Science},
 year      = {2004},
 publisher = {Elsevier},
}

@book{johnstonestone,
 title={Stone Spaces},
 author={Johnstone, P.T.},
 isbn={9780521337793},
 lccn={lc82004506},
 series={Cambridge Studies in Advanced Mathematics},
 url={https://books.google.com.br/books?id=CiWwoLNbpykC},
 year={1986},
 publisher={Cambridge University Press}
}

@book{disquisitiones,
 title={Disquisitiones Arithmeticae},
 author={Gauss, Carl Friedrich},
 isbn={9780300094732},
 lccn={lc65022318},
 series={Yale paperbound},
 url={https://books.google.com.br/books?id=iRbmmhOLA1kC},
 year={1966},
 publisher={Yale University Press}
}

@book{elements,
 title={Euclid's Elements: all thirteen books complete in one volume},
 translator={Heath, Thomas L.},
 author={Euclid},
 isbn={9781888009194},
 lccn={2002107461},
 url={https://books.google.com.br/books?id=nc1UAAAAYAAJ},
 year={2002},
 publisher={Green Lion Press}
}

@book{coxeterrevisited,
 title={Geometry Revisited},
 author={Coxeter, H. S. M. and Greitzer, S. L.},
 number={v. 19},
 isbn={9780883856192},
 lccn={67020607},
 series={Anneli Lax New Mathematical Library},
 url={https://books.google.com.br/books?id=VdAM58ksvcIC},
 year={1967},
 publisher={Mathematical Association of America}
}

@book{hartshorneeuclidbeyond,
 title={Geometry: Euclid and Beyond},
 author={Hartshorne, Robin},
 isbn={9781441931450},
 lccn={99044789},
 series={Undergraduate Texts in Mathematics},
 url={https://books.google.com.br/books?id=5RODcgAACAAJ},
 year={2010},
 publisher={Springer New York}
}

@book{lpbook,
 author = {Lloyd, John Wylie},
 title = {Foundations of Logic Programming},
 year = {1987},
 isbn = {0387181997},
 publisher = {Springer-Verlag New York, Inc.},
 address = {Secaucus, NJ, USA},
 }

@book{halmosnaive,
 author = {Halmos, Paul R.},
 title = {Naive set theory},
 year = {1960},
 publisher = {Litton Educational Publishing, Inc.},
}

@book{holpbook,
 author = {Dale Miller and Gopalan Nadathur},
 title = {Programming with Higher-Order Logic},
 publisher = {Cambridge University Press},
 year = {2012},
 month = jun,
 doi = {10.1017/CBO9781139021326}
}

@book{ynmnst,
 author = {Moschovakis, Yiannis N.},
 title = {Notes on set theory (2nd ed.)},
 year = {2005},
 publisher = {Springer-Verlag New York, Inc.},
 address = {New York, NY, USA},
}

@book{ynminduction,
 title={Elementary Induction on Abstract Structures},
 author={Moschovakis, Yiannis N.},
 isbn={9780486152011},
 url={https://books.google.com.sg/books?id=WOBHLPItEasC},
 year={2014},
 publisher={Dover Publications}
}

@book{ynmrandc,
 title={Recursion and Computation (lecture notes v2.0)},
 author={Moschovakis, Yiannis N.},
 year={2016}
}

@book{artofprolog,
 author = {Sterling, Leon and Shapiro, Ehud},
 title = {The art of Prolog (2nd ed.): advanced programming techniques},
 year = {1994},
 publisher = {MIT Press},
 address = {Cambridge, MA, USA},
}

@book{lloydlp,
 author = {Lloyd, John Wylie},
 title = {Foundations of Logic Programming},
 year = {1987},
 isbn = {0387181997},
 publisher = {Springer-Verlag New York, Inc.},
 address = {Secaucus, NJ, USA},
}

@book{pinteralgebra,
 title={A Book of Abstract Algebra, 2nd ed.},
 author={Pinter, Charles C.},
 isbn={9780486474175},
 lccn={2009026228},
 series={Dover Books on Mathematics},
 url={https://books.google.com.br/books?id=ZAo\_AwAAQBAJ},
 year={2010},
 publisher={Dover Publications}
}

@book{rotmangroups,
 title={An Introduction to the Theory of Groups},
 author={Rotman, Joseph J.},
 isbn={9780387942858},
 lccn={94006507},
 series={Graduate Texts in Mathematics},
 url={https://books.google.com.br/books?id=lYrsiaHSHKcC},
 year={1999},
 publisher={Springer New York}
}

@book{rosegroups,
 title={A Course on Group Theory},
 author={Rose, John S.},
 isbn={9780486170664},
 series={Dover Books on Mathematics},
 url={https://books.google.com.br/books?id=TWDCAgAAQBAJ},
 year={2013},
 publisher={Dover Publications}
}

@article{kunensinglegroup,
 author={Kunen, Kenneth},
 title={Single axioms for groups},
 journal={Journal of Automated Reasoning},
 year={1992},
 month={Dec},
 day={01},
 volume={9},
 number={3},
 pages={291--308},
 issn={1573-0670},
 doi={10.1007/BF00245293},
 url={https://doi.org/10.1007/BF00245293}
}

@book{bondymurty1976,
 title={Graph Theory with Applications},
 author={Bondy, John Adrian and Murty, U. S. R.},
 isbn={9780444194510},
 lccn={76363659},
 url={https://www.iro.umontreal.ca/~hahn/IFT3545/GTWA.pdf},
 year={1976},
 publisher={American Elsevier Publishing Company}
}

@book{bondymurty2011,
 title={Graph Theory},
 author={Bondy, John Adrian and Murty, U. S. R.},
 isbn={9781846289699},
 lccn={2007923502},
 series={Graduate Texts in Mathematics},
 url={https://books.google.com.br/books?id=HuDFMwZOwcsC},
 year={2011},
 publisher={Springer London}
}

@book{bollobasmodern,
 title={Modern Graph Theory},
 author={Béla Bollobás},
 isbn={9780387984889},
 lccn={98011960},
 series={Graduate Texts in Mathematics},
 url={https://books.google.com.br/books?id=SbZKSZ-1qrwC},
 year={1998},
 publisher={Springer New York}
}

@book{diestelgraph,
 title={Graph Theory},
 author={Reinhard Diestel},
 isbn={9783540261827},
 lccn={2005928165},
 series={Graduate Texts in Mathematics},
 url={https://books.google.com.br/books?id=04YbQF8oscQC},
 year={2005},
 publisher={Springer Berlin Heidelberg}
}

@book{chartrandzhang,
 title={A First Course in Graph Theory},
 author={Chartrand, G. and Zhang, P.},
 isbn={9780486483689},
 lccn={2011038125},
 series={Dover books on mathematics},
 url={https://books.google.com.br/books?id=ocIr0RHyI8oC},
 year={2012},
 publisher={Dover Publications}
}

@book{cohensetch,
 title={Set Theory and the Continuum Hypothesis},
 author={Cohen, Paul J.},
 isbn={9780486134710},
 series={Dover books on mathematics},
 url={https://books.google.com.br/books?id=Q3VoJCRtQa4C},
 year={2012},
 publisher={Dover Publications}
}

@book{kunen2011,
 title={Set Theory},
 author={Kenneth Kunen},
 isbn={9781848900509},
 series={Studies in logic},
 url={https://books.google.com.br/books?id=Zn8ppwAACAAJ},
 year={2011},
 publisher={College Publications}
}

@book{kunen1980,
 title={Set Theory: An Introduction to Independence Proofs},
 author={Kenneth Kunen},
 isbn={9780444854018},
 lccn={gb85032629},
 series={Mathematical Programming Study},
 url={https://books.google.com.br/books?id=9vG6lAEACAAJ},
 year={1980},
 publisher={North-Holland Publishing Company}
}

@book{jechset,
 title={Set Theory},
 author={Thomas Jech},
 isbn={9783662224007},
 series={Perspectives in Mathematical Logic},
 url={https://books.google.com.br/books?id=GHjmCAAAQBAJ},
 year={2013},
 publisher={Springer Berlin Heidelberg}
}

@book{krivineast,
 title={Introduction to axiomatic set theory},
 author={Jean-Louis Krivine},
 year={1971},
 isbn={9027703112},
 publisher={D.~Reidel publishing company}
}

@book{kanamori,
 author={Kanamori, Akihiro},
 title={The Higher Infinite: Large Cardinals in Set Theory from Their Beginnings},
 year={2003},
 isbn={9783540888666}
}

@thesis{montaguethesis,
 title={Contributions to the axiomatic foundations of set theory},
 author={Richard Montague},
 year={1957},
 publisher={University of California, Berkeley}
}

@book{cutlandcomputability,
 title={Computability: An Introduction to Recursive Function Theory},
 author={Nigel Cutland},
 isbn={9780521294652},
 lccn={79051823},
 url={https://books.google.com.br/books?id=wAstOUE36kcC},
 year={1980},
 publisher={Cambridge University Press}
}

@book{kleeneIM,
 title={Introduction to Metamathematics},
 author={Stephen Cole Kleene},
 isbn={9780720421033},
 lccn={70097931},
 series={Bibliotheca Mathematica},
 url={https://books.google.com.br/books?id=O28-AQAAIAAJ},
 year={1952},
 publisher={Wolters--Noordhoff}
}

@book{rogersrecursive,
 title={Theory of Recursive Functions and Effective Computability},
 author={Rogers, Hartley},
 lccn={65025921},
 series={McGraw-Hill series in higher mathematics},
 url={https://books.google.com.br/books?id=5oI\_nQAACAAJ},
 year={1967},
 publisher={McGraw-Hill}
}

@book{jonescomputability,
 title={Computability and Complexity: From a Programming Perspective},
 author={Neil D. Jones},
 isbn={9780262100649},
 lccn={96044043},
 series={Datalogisk Institut København: DIKU-Rapport},
 url={https://books.google.com.br/books?id=2iJnkaFSojEC},
 year={1997},
 publisher={Datalogisk Inst., Univ.}
}

@book{taocp1,
 author = {Knuth, Donald E.},
 title = {The Art of Computer Programming, Volume 1: Fundamental Algorithms},
 edition = {3rd},
 year = {1997},
 isbn = {0-201-89683-4},
 publisher = {Addison--Wesley Longman Publishing Co., Inc.},
 address = {Redwood City, CA, USA},
}
@book{taocp2,
 author = {Knuth, Donald E.},
 title = {The Art of Computer Programming, Volume 2: Seminumerical Algorithms},
 edition = {3rd},
 year = {1997},
 isbn = {0-201-89684-2},
 publisher = {Addison--Wesley Longman Publishing Co., Inc.},
 address = {Boston, MA, USA},
}
@book{taocp3,
 author = {Knuth, Donald E.},
 title = {The Art of Computer Programming,  Volume 3: Sorting and Searching},
 edition = {2nd},
 year = {1998},
 isbn = {0-201-89685-0},
 publisher = {Addison--Wesley Longman Publishing Co., Inc.},
 address = {Redwood City, CA, USA},
}
@book{taocp4a,
 author = {Knuth, Donald E.},
 title = {The Art of Computer Programming, Volume 4A: Combinatorial Algorithms},
 year = {2011},
 isbn = {0201038048, 9780201038040},
 edition = {1st},
 publisher = {Addison--Wesley Professional},
}
@book{knuthsurreals,
 author = {Knuth, Donald E.},
 title = {Surreal numbers: how to ex-students turned on to pure mathematics and found total happiness: a mathematical novelette},
 year = {1974},
 isbn = {978-0-201-03812-5},
 publisher = {Addison--Wesley Professional},
}
@book{concretemath,
 author = {Ronald Graham and Donald E. Knuth and Oren Patashnik},
 title = {Concrete Mathematics: A Foundation for Computer Science},
 edition = {2nd},
 year = {1994},
 isbn = {0-201-55802-5},
 publisher = {Addison--Wesley Professional},
}

@book{dpv,
 author={Sanjoy Dasgupta and Christos Papadimitriou and Umesh Vazirani},
 title={Algorithms},
 isbn={9780073523408},
 lccn={2006049014},
 url={https://books.google.com.br/books?id=3sCxQgAACAAJ},
 year={2006},
 publisher={McGraw-Hill Education}
}

@book{clrs,
 author={Cormen, Thomas H. and Leiserson, Charles E. and Rivest, Ronald L. and Stein, Clifford},
 title={Introduction to Algorithms, Third Edition},
 year={2009},
 isbn={0262033844, 9780262033848},
 edition={3rd},
 publisher={The MIT Press},
}

@book{gratzerlatticefirst,
 title={Lattice Theory: First Concepts and Distributive Lattices},
 author={Gr{\relax ä}tzer, George},
 isbn={9780486471730},
 lccn={2008046925},
 series={Dover Books on Mathematics Series},
 url={https://books.google.com.br/books?id=6FJPTsmF1RAC},
 year={2009},
 publisher={Dover Publications}
}

@book{gratzerlatticefoundation,
 title={Lattice Theory: Foundation},
 author={Gr{\relax ä}tzer, George},
 isbn={9783034800181},
 lccn={2011921250},
 series={SpringerLink : Bücher},
 url={https://books.google.com.br/books?id=6XJX5-zCoIQC},
 year={2011},
 publisher={Springer Basel}
}

@book{stoysemantics,
 title={Denotational Semantics: The Scott--Strachey Approach to Programming Language Theory},
 author={Joseph Stoy},
 isbn={9780262191470},
 lccn={77011962},
 series={The MIT Press Series in Computer Science},
 url={https://books.google.com.br/books?id=rcsmAAAAMAAJ},
 year={1977},
 publisher={MIT Press}
}

@book{streicherdomainsfp,
 title={Domain-theoretic Foundations of Functional Programming},
 author={Thomas Streicher},
 isbn={9789812701428},
 lccn={2007298163},
 url={https://books.google.com.br/books?id=8l0\_AQAAIAAJ},
 year={2006},
 publisher={World Scientific}
}

@article{tennent1976,
 author = {Tennent, R. D.},
 title = {The Denotational Semantics of Programming Languages},
 journal = {Commun. ACM},
 issue_date = {Aug. 1976},
 volume = {19},
 number = {8},
 month = aug,
 year = {1976},
 issn = {0001-0782},
 pages = {437--453},
 numpages = {17},
 url = {http://doi.acm.org/10.1145/360303.360308},
 doi = {10.1145/360303.360308},
 acmid = {360308},
 publisher = {ACM},
 address = {New York, NY, USA},
}

@book{tennentsemantics,
 title={Semantics of Programming Languages},
 author={Tennent, R. D.},
 isbn={9780138055998},
 lccn={gb90050369},
 series={PHI series in computer science},
 url={https://books.google.com.sg/books?id=K7N7QgAACAAJ},
 year={1991},
 publisher={Prentice Hall}
}

@book{winskelsemantics,
 author = {Glynn Winskel},
 title = {The Formal Semantics of Programming Languages: An Introduction},
 year = {1993},
 isbn = {0-262-23169-7},
 publisher = {MIT Press},
 address = {Cambridge, MA, USA},
}

@book{guntersemantics,
  title={Semantics of Programming Languages: Structures and Techniques},
  author={Gunter, Carl A.},
  isbn={9780262570954},
  lccn={92010172},
  series={Foundations of Computing},
  url={https://books.google.com.br/books?id=Gu2wh2TqVcUC},
  year={1992},
  publisher={MIT Press}
}

@book{halmosboolean,
 title={Lectures on Boolean algebras},
 author={Halmos, Paul R.},
 lccn={63025105},
 series={Van Nostrand mathematical studies},
 url={https://books.google.com.br/books?id=1d9QAAAAMAAJ},
 year={1963},
 publisher={Van Nostrand}
}

@book{kolmogorovfomin,
 title={Elements of the Theory of Functions and Functional Analysis (two volumes in one)},
 author={Kolmogorov, A. N. and Fomin, S. V.},
 isbn={9780486406831},
 series={Dover books on mathematics},
 url={https://books.google.com.br/books?id=OyWeDwfQmeQC},
 year={1999},
 publisher={Dover}
}

@book{kolmogorovprob,
 title={Foundations of the Theory of Probability},
 author={Kolmogorov, A. N.},
 isbn={0828400237},
 year={1956},
 publisher={Chelsea},
 note={Orig.: Grundbegriffe der Wahrscheinlichkeitsrechnung (1933)},
}

@book{hausdorffsettheory,
 title={Set Theory},
 author={Hausdorff, Felix},
 isbn={9780828401197},
 lccn={lc57008493},
 url={https://books.google.com.br/books?id=L9ogL2TNTlIC},
 year={1978},
 publisher={Chelsea Publishing Company},
}

@book{simmonstopology,
 title={Introduction to Topology and Modern Analysis},
 author={Simmons, George F.},
 series={International Series in pure and applied Mathematics},
 url={https://books.google.com.br/books?id=HulInQEACAAJ},
 year={1968},
 publisher={McGraw-Hill}
}

@book{simmonsprecalculus,
 title={Precalculus Mathematics in a Nutshell: Geometry, Algebra, Trigonometry: Geometry, Algebra, Trigonometry},
 author={Simmons, George F.},
 isbn={9781592441303},
 url={https://books.google.com.br/books?id=5qgKAAAACAAJ},
 year={2003},
 publisher={Resource Publications}
}

@book{babyrudin,
 title={Principles of Mathematical Analysis},
 author={Rudin, Walter},
 isbn={9780070856134},
 lccn={75179033},
 series={International series in pure and applied mathematics},
 url={https://books.google.com.br/books?id=kwqzPAAACAAJ},
 year={1976},
 publisher={McGraw-Hill}
}

@book{munkrestopology,
 title={Topology},
 author={Munkres, James Raymond},
 isbn={9780131816299},
 lccn={99052942},
 series={Featured Titles for Topology Series},
 url={https://books.google.com.br/books?id=XjoZAQAAIAAJ},
 year={2000},
 publisher={Prentice Hall, Incorporated}
}

@book{willardtopology,
 title={General Topology},
 author={Willard, S.},
 isbn={9780486131788},
 series={Dover Books on Mathematics},
 url={https://books.google.com.br/books?id=UrsHbOjiR8QC},
 year={2012},
 publisher={Dover Publications}
}

@book{janichtopology,
 title={Topology},
 author={Jänich, Klaus},
 translator={Levy, S.},
 isbn={9780387908922},
 lccn={96206939},
 series={Undergraduate Texts in Mathematics},
 url={https://books.google.com.br/books?id=vg1npIhAOQoC},
 year={1995},
 publisher={Springer New York}
}

@book{goldblatttopoi,
 title={Topoi: The Categorial Analysis of Logic},
 author={Goldblatt, Robert},
 isbn={9780486450261},
 lccn={2005046778},
 series={Dover books on mathematics},
 year={2006},
 publisher={Dover Publications}
}

@book{babylawvere,
 title={Conceptual Mathematics: A First Introduction to Categories},
 author={Lawvere, F. William and Schanuel, Stephen H.},
 isbn={9781139643962},
 url={https://books.google.com.br/books?id=6G0gAwAAQBAJ},
 year={2009},
 publisher={Cambridge University Press}
}

@book{papalawvere,
 title={Sets for Mathematics},
 author={Lawvere, F. William and Rosebrugh, Robert},
 isbn={9780521010603},
 lccn={2002071478},
 url={https://books.google.com.br/books?id=h3\_7aZz9ZMoC},
 year={2003},
 publisher={Cambridge University Press}
}

@book{awodeycats,
 title={Category Theory},
 author={Steve Awodey},
 isbn={9780199587360},
 lccn={2010483708},
 series={Oxford Logic Guides},
 url={https://books.google.com.br/books?id=-MCJ6x2lC7oC},
 year={2010},
 publisher={OUP Oxford}
}

@book{riehlcats,
 title={Category Theory in Context},
 author={Emily Riehl},
 isbn={9780486809038},
 series={Aurora: Dover Modern Math Originals},
 url={https://books.google.com.br/books?id=Sr09DQAAQBAJ},
 year={2016},
 publisher={Dover Publications}
}

@book{barrwellscatscs,
 title={Category Theory for Computing Science},
 author={Barr, Michael and Wells, Charles},
 isbn={9780131204867},
 lccn={89003450},
 series={Prentice Hall international series computer science},
 url={https://books.google.com.br/books?id=q-BQAAAAMAAJ},
 year={1990},
 publisher={Prentice Hall}
}

@book{joyofcats,
 title={Abstract and Concrete Categories: The Joy of Cats},
 author={Adamek, J. and Herrlich, H. and Strecker, G. E.},
 isbn={9780486469348},
 lccn={2009010561},
 series={Dover books on mathematics},
 url={https://books.google.com.br/books?id=rqT4PgAACAAJ},
 year={2009},
 publisher={Dover Publications}
}

@book{arbibmanesarrows,
 title={Arrows, structures, and functors: the categorical imperative},
 author={Arbib, Michael A. and Manes, Ernest G.},
 lccn={74032412},
 series={Academic Press rapid manuscript reproductions},
 url={https://books.google.com.br/books?id=2txQAAAAMAAJ},
 year={1975},
 publisher={Academic Press}
}

@book{borceuxhandbook1,
  title={Handbook of Categorical Algebra: Volume 1, Basic Category Theory},
  author={Borceux, Francis},
  isbn={9780521441780},
  lccn={93003225},
  url={https://books.google.com.br/books?id=YfzImoopB-IC},
  year={1994},
  publisher={Cambridge University Press}
}

@book{aluffialgebra,
  title={Algebra: Chapter 0},
  author={Aluffi, Paolo},
  isbn={9780821847817},
  lccn={2009004043},
  series={Graduate studies in mathematics},
  url={https://books.google.com.br/books?id=deWkZWYbyHQC},
  year={2009},
  publisher={American Mathematical Society}
}

@book{barendregtlambda,
 title={The Lambda Calculus: Its Syntax and Semantics },
 author={Barendregt, Henk P.},
 isbn={9780080933757},
 series={Studies in Logic and the Foundations of Mathematics},
 url={https://books.google.com.sg/books?id=ZdydJZVue50C},
 year={2013},
 publisher={Elsevier Science}
}

@book{bimbocl,
 title={Combinatory Logic: Pure, Applied and Typed},
 author={Katalin Bimbó},
 isbn={9781439800003},
 lccn={2011030502},
 series={Discrete Mathematics and Its Applications},
 url={https://books.google.com.sg/books?id=7dNUhf3497MC},
 year={2011},
 publisher={Taylor \& Francis}
}

@book{bimboproof,
 title={Proof Theory: Sequent Calculi and Related Formalisms},
 author={Katalin Bimbó},
 isbn={9781466564664},
 lccn={2014022998},
 series={Discrete Mathematics and Its Applications},
 url={https://books.google.com.sg/books?id=M5dBBAAAQBAJ},
 year={2014},
 publisher={Taylor \& Francis}
}

@book{hindleyseldinlambdacl,
 title={Lambda-Calculus and Combinators: An Introduction},
 author={Hindley, J. R. and Seldin, J. P.},
 isbn={9781139473248},
 url={https://books.google.com.sg/books?id=9fhujocrM7wC},
 year={2008},
 publisher={Cambridge University Press}
}

@book{mockingbird,
 title={To mock a mockingbird and other logic puzzles},
 author={Raymond Smullyan},
 isbn={9780394534916},
 lccn={84048737},
 url={https://books.google.com.sg/books?id=AanuAAAAMAAJ},
 year={1985},
 publisher={Knopf}
}

@book{satancantorinfinity,
 title={Satan, Cantor, and Infinity},
 author={Raymond Smullyan},
 year={1992},
 publisher={Knopf}
}

@book{hersteintopics,
 title={Topics in Algebra},
 author={Herstein, I. N.},
 isbn={9780471010906},
 lccn={74082577},
 url={https://books.google.com.sg/books?id=-gfvAAAAMAAJ},
 year={1975},
 publisher={Wiley}
}

@book{sharperings,
  title={Rings and Factorization},
  author={Sharpe, David},
  isbn={9780521337182},
  lccn={86033365},
  url={https://books.google.com.br/books?id=Nmg4AAAAIAAJ},
  year={1987},
  publisher={Cambridge University Press}
}

@book{curryfoundations,
 title={Foundations of Mathematical Logic},
 author={Haskell B. Curry},
 isbn={9780486153056},
 series={Dover Books on Mathematics},
 url={https://books.google.com.sg/books?id=klLCAgAAQBAJ},
 year={2012},
 publisher={Dover Publications}
}

@book{bellmachover,
 title={A Course in Mathematical Logic},
 author={John Bell and Moché Machover},
 isbn={9780080934747},
 url={https://books.google.com.sg/books?id=937NCgAAQBAJ},
 year={1977},
 publisher={Elsevier Science \& Technology}
}

@book{shoenfieldlogic,
 title={Mathematical logic},
 author={Shoenfield, Joseph R.},
 isbn={9781568811352},
 lccn={00065277},
 series={A K Peters Series},
 url={https://books.google.com.sg/books?id=a9zuAAAAMAAJ},
 year={1967},
 publisher={Association for Symbolic Logic}
}

@book{shoenfieldrecursion,
 title={Recursion Theory},
 author={Shoenfield, Joseph R.},
 isbn={1568811497},
 series={Lecture Notes in Logic},
 year={2001},
 publisher={Association for Symbolic Logic}
}

@book{corilascar1,
 title={Mathematical Logic, Part 1: Propositional Calculus, Boolean Algebras, Predicate Calculus, Completeness Theorems},
 author={Cori, René and Lascar, Daniel},
 isbn={9780191589775},
 url={https://books.google.com.sg/books?id=Cle6\_dOLt2IC},
 year={2000},
 publisher={Oxford University Press}
}

@book{corilascar2,
 title={Mathematical Logic, Part 2: Recursion theory, Gödel's theorems, Set theory, Model theory},
 author={Cori, René and Lascar, Daniel},
 isbn={9780198500513},
 lccn={00056525},
 series={Mathematical Logic: A Course with Exercises},
 url={https://books.google.com.sg/books?id=zDrqGvJhSPIC},
 year={2001},
 publisher={Oxford University Press}
}

@book{smullyanfol,
 title={First-order Logic},
 author={Raymond Smullyan},
 isbn={9780486683706},
 lccn={lc94039736},
 series={Dover books on advanced mathematics},
 url={https://books.google.com.sg/books?id=kgvhQ-oSZiUC},
 year={1995},
 publisher={Dover}
}

@book{nivennumbers,
 title={An Introduction to the Theory of Numbers},
 author={Niven, I. and Zuckerman, H. S.},
 isbn={9780471028512},
 lccn={79024869},
 url={https://books.google.com.sg/books?id=LgLvAAAAMAAJ},
 year={1980},
 publisher={Wiley}
}

@book{hardywright,
 title={An Introduction to the Theory of Numbers},
 author={Hardy, G. H. and Wright, E. M.},
 isbn={9780198531715},
 lccn={99461762},
 series={Oxford science publications},
 url={https://books.google.com.sg/books?id=FlUj0Rk\_rF4C},
 year={1979},
 publisher={Clarendon Press}
}

@book{serrearithmetic,
 title={A course in arithmetic},
 author={Serre, Jean-Pierre},
 year={1973},
 publisher={Springer},
 series={Graduate Texts in Mathematics},
}

@book{apostolant,
 title={Introduction to analytic number theory},
 author={Apostol, Tom M.},
 year={1976},
 publisher={Springer},
 series={Undergraduate Texts in Mathematics},
}

@book{nivencount,
 title={Mathematics of Choice: How to Count Without Counting},
 author={Niven, Ivan},
 isbn={9780883856154},
 lccn={65017470},
 series={Anneli Lax New Mathematical Library},
 url={https://books.google.com.br/books?id=IOO0s7-ScZEC},
 year={1965},
 publisher={Random House}
}

@book{nivenirrational,
 title={Irrational Numbers},
 author={Ivan Niven},
 isbn={9780883850381},
 lccn={56009936},
 series={Carus Mathematical Monographs},
 url={https://books.google.com.sg/books?id=ov-IlIEo47cC},
 year={2005},
 publisher={Mathematical Association of America}
}

@book{andrewsnumber,
 title={Number Theory},
 author={Andrews, George E.},
 isbn={9780486682525},
 lccn={lc94005243},
 series={Dover Books on Mathematics},
 url={https://books.google.com.sg/books?id=eVwvvwZeBf4C},
 year={1994},
 publisher={Dover Publications}
}

@book{smullyanbeginners,
 title={A Beginner's Guide to Mathematical Logic},
 author={Raymond Smullyan},
 isbn={9780486492377},
 lccn={2014395758},
 series={Dover Books on Mathematics},
 url={https://books.google.com.br/books?id=n6S-AwAAQBAJ},
 year={2014},
 publisher={Dover Publications}
}

@book{kleenelogic,
 title={Mathematical Logic},
 author={Stephen Cole Kleene},
 isbn={9780486317076},
 series={Dover Books on Mathematics},
 url={https://books.google.com.br/books?id=4GzCAgAAQBAJ},
 year={2013},
 publisher={Dover Publications}
}

@book{maclanecats,
 title={Categories for the Working Mathematician},
 author={Saunders {Mac~Lane}},
 isbn={9781475747218},
 series={Graduate Texts in Mathematics},
 url={https://books.google.com.br/books?id=gfI-BAAAQBAJ},
 year={2013},
 publisher={Springer New York}
}

@book{carothersreal,
 title={Real Analysis},
 author={Carothers, N. L.},
 isbn={9780521497565},
 lccn={98031982},
 url={https://books.google.com.br/books?id=4VFDVy1NFiAC},
 year={2000},
 publisher={Cambridge University Press}
}

@book{spivakcalculus,
 title={Calculus},
 author={Michael Spivak},
 isbn={9780521867443},
 lccn={80082517},
 series={Calculus},
 url={https://books.google.com.br/books?id=7JKVu\_9InRUC},
 year={2006},
 publisher={Cambridge University Press}
}

@book{hardypuremath,
 title={A Course of Pure Mathematics: Centenary Edition},
 author={Hardy, G. H.},
 isbn={9780521720557},
 lccn={52011156},
 series={Cambridge Mathematical Library},
 url={https://books.google.com.br/books?id=9mZPVdgCOfQC},
 year={2008},
 publisher={Cambridge University Press}
}

@book{loomissternberg,
 title={Advanced Calculus},
 author={Loomis, L. H. and Sternberg, S.},
 isbn={9789814583930},
 lccn={2015301041},
 url={https://books.google.com.br/books?id=jPBXnwEACAAJ},
 year={2014},
 publisher={World Scientific}
}

@book{apostol1,
 title={Calculus: One-variable calculus, with an introduction to linear algebra},
 author={Apostol, Tom M.},
 lccn={73020899},
 series={Calculus},
 url={https://books.google.com.br/books?id=RQtRAAAAMAAJ},
 year={1967},
 publisher={Wiley}
}

@book{apostol2,
 title={Calculus: Multi-variable calculus and linear algebra, with applications to differential equations and probability},
 author={Apostol, Tom M.},
 isbn={9780471000075},
 lccn={67014605},
 series={Calculus},
 url={https://books.google.com.br/books?id=TLUdAQAAMAAJ},
 year={1969},
 publisher={Wiley}
}


@book{halmosfdvs,
 title={Finite-Dimensional Vector Spaces},
 author={Halmos, Paul R.},
 isbn={9780387900933},
 lccn={74010688},
 series={Undergraduate Texts in Mathematics},
 url={https://books.google.com.br/books?id=mdWeEhA17scC},
 year={1993},
 publisher={Springer New York}
}

@book{halmoslapb,
 title={Linear Algebra Problem Book},
 author={Halmos, Paul R.},
 number={v. 16},
 isbn={9780883853221},
 lccn={94079588},
 series={Dolciani Mathematical Expositions},
 url={https://books.google.com.br/books?id=SY-\_COzW4toC},
 year={1995},
 publisher={Mathematical Association of America}
}

@book{halmosmeasure,
 title={Measure Theory},
 author={Halmos, Paul R.},
 isbn={9781468494402},
 series={Graduate Texts in Mathematics},
 url={https://books.google.com.br/books?id=jS\_vBwAAQBAJ},
 year={2013},
 publisher={Springer New York}
}

@book{bartlemeasure,
 title={The Elements of Integration and Lebesgue Measure},
 author={Bartle, Robert G.},
 isbn={9781118626122},
 series={Wiley Classics Library},
 url={https://books.google.com.br/books?id=aE1YBAAAQBAJ},
 year={2014},
 publisher={Wiley}
}

@book{taylorintegration,
 title={General Theory of Functions and Integration},
 author={Taylor, A. E.},
 isbn={9780486152141},
 series={Dover Books on Mathematics Series},
 url={https://books.google.com.br/books?id=cM5oR8orpcAC},
 year={2012},
 publisher={Dover Publications, Incorporated}
}

@book{langbasicmath,
 title={Basic Mathematics},
 author={Lang, Serge},
 isbn={9780387967875},
 url={https://books.google.com.br/books?id=gBtvo480ng4C},
 year={1998},
 publisher={Springer New York}
}

@book{kunenfoundations,
 title={The Foundations of Mathematics},
 author={Kenneth Kunen},
 isbn={9781904987147},
 series={Mathematical logic and foundations},
 url={https://books.google.com.br/books?id=\_B\_oQQAACAAJ},
 year={2009},
 publisher={College Publications}
}

@book{purescriptbook,
 author={Phil Freeman},
 title={PureScript by Example},
 year={2017},
 publisher={Electronic textbook},
 url={https://leanpub.com/purescript/}
}

@book{birdthinking,
 title={Thinking Functionally with Haskell},
 author={Bird, Richard},
 isbn={9781107087200},
 lccn={2014024954},
 url={https://books.google.com.br/books?id=B4RxBAAAQBAJ},
 year={2014},
 publisher={Cambridge University Press}
}

@book{birdfphaskell,
 title={Introduction to functional programming using Haskell},
 author={Bird, Richard},
 isbn={9780134843469},
 lccn={98005681},
 series={Prentice Hall series in computer science},
 url={https://books.google.com.br/books?id=zVQ\_AQAAIAAJ},
 year={1998},
 publisher={Prentice Hall Europe}
}

@book{lyah,
 title={Learn You a Haskell for Great Good},
 author={Lipovača, Miran},
 isbn={9781593272951},
 url={https://learnyouahaskell.com/},
 year={2012},
 publisher={No Starch Press}
}

@book{huttonhaskell,
 title={Programming in Haskell},
 author={Hutton, Graham},
 isbn={9781316875971},
 url={https://books.google.com.br/books?id=1xHPDAAAQBAJ},
 year={2016},
 publisher={Cambridge University Press}
}

@book{takeuti,
 title={Proof Theory},
 author={Gaisi Takeuti},
 isbn={9780486490731},
 lccn={2012030734},
 series={Dover books on mathematics},
 url={https://books.google.com.br/books?id=Idl6K-W69NYC},
 year={2013},
 publisher={Dover}
}

@book{negrivonplatospt,
 title={Structural Proof Theory},
 author={Negri, Sara and von Plato, Jan},
 isbn={9780521068420},
 url={https://books.google.com.br/books?id=ZvACGkn9138C},
 year={2008},
 publisher={Cambridge University Press}
}

@book{vonplatoelements,
 title={Elements of Logical Reasoning},
 author={von Plato, Jan},
 isbn={9781107036598},
 lccn={2013039013},
 url={https://books.google.com.br/books?id=QrdEAgAAQBAJ},
 year={2014},
 publisher={Cambridge University Press}
}

@book{prawitz,
 title={Natural Deduction: A Proof-Theoretical Study},
 author={Prawitz, Dag},
 isbn={9780486446554},
 lccn={2005051968},
 series={Dover Books on Mathematics},
 url={https://books.google.com.br/books?id=sJj3DQAAQBAJ},
 year={2006},
 publisher={Dover Publications}
}

@unpublished{olthdem,
 title={Théorie de la Démonstration (lecture notes)},
 author={Olivier Laurent},
 url={https://perso.ens-lyon.fr/olivier.laurent/thdem.pdf},
 year={2008}
}

@book{proofsandtypes,
 title={Proofs and Types},
 author={Girard, Jean-Yves and Lafont, Yves and Taylor, Paul},
 isbn={9780521371810},
 lccn={gb89006177},
 series={Cambridge Tracts in Theoretical Computer Science},
 url={http://www.paultaylor.eu/stable/Proofs+Types.html},
 year={1989},
 publisher={Cambridge University Press}
}

@book{girardblindspot,
 title={The Blind Spot: Lectures on Logic},
 author={Girard, Jean-Yves},
 isbn={9783037190883},
 url={https://books.google.com.br/books?id=eVZZ0wtazo8C},
 year={2011},
 publisher={European Mathematical Society}
}

@inproceedings{girardllss,
 author={Girard, Jean-Yves},
 title={Linear Logic: Its Syntax and Semantics},
 booktitle={Proceedings of the Workshop on Advances in Linear Logic},
 year={1995},
 isbn={0-521-55961-8},
 pages={1--42},
 numpages={42},
 url={http://iml.univ-mrs.fr/~girard/Synsem.pdf},
 publisher = {Cambridge University Press},
 address = {New York, NY, USA},
}

@book{krivinelambda,
 title={Lambda-calculus, types and models},
 author={Krivine, J. L.},
 isbn={9780130624079},
 series={Ellis Horwood series in computers and their applications},
 url={https://books.google.com.br/books?id=OPKFAQAACAAJ},
 year={1993},
 publisher={Ellis Horwood}
}

@book{fromfregetogodel,
 title={From Frege to Gödel: A Source Book in Mathematical Logic, 1879--1931},
 author={Van Heijenoort, J.},
 isbn={9780674324497},
 lccn={67010905},
 series={Source books in the history of the sciences},
 url={https://books.google.com.br/books?id=v4tBTBlU05sC},
 year={1967},
 publisher={Harvard University Press}
}

@book{alicebook,
 title={Introduction to Automata Theory, Languages, and Computation},
 author={Hopcroft, J. E. and Ullman, J. D.},
 isbn={9780201029888},
 lccn={lc78067950},
 series={Addison--Wesley Series in Computer Science and Information Processing},
 url={https://books.google.com.br/books?id=G\_BQAAAAMAAJ},
 year={1979},
 publisher={Addison--Wesley}
}

@book{daviscu,
  title={Computability and Unsolvability},
  author={Davis, M.D.},
  isbn={9780486614717},
  lccn={82007287},
  series={Dover Books on Computer Science Series},
  url={https://books.google.com.br/books?id=TMLgEIOGhBMC},
  year={1958},
  publisher={Dover Publications}
}

@book{davisccl,
  title={Computability, Complexity and Languages: Fundamentals of Theoretical Computer Sciences},
  author={Davis, M.D. and Weyuker, E.J.},
  isbn={9780122063800},
  lccn={83002727},
  series={Computer Science and Applied Mathematics Series},
  url={https://books.google.com.br/books?id=2vFQAAAAMAAJ},
  year={1983},
  publisher={Academic Press}
}

@book{kozenac,
 title={Automata and Computability},
 author={Kozen, Dexter C.},
 isbn={9780387949079},
 lccn={lc96037409},
 series={Undergraduate Texts in Computer Science},
 url={https://books.google.com.br/books?id=8lKyxS8\_CNoC},
 year={1997},
 publisher={Springer}
}

@book{kozentc,
 title={Theory of Computation},
 author={Kozen, Dexter C.},
 isbn={1846282977},
 year={2006},
 publisher={Springer}
}

@book{gareyjohnson,
  title={Computers and Intractability: A Guide to the Theory of NP-completeness},
  author={Garey, M.R. and Johnson, D.S.},
  isbn={9780716710448},
  lccn={lc78012361},
  series={Books in mathematical series},
  url={https://books.google.com.br/books?id=fjxGAQAAIAAJ},
  year={1979},
  publisher={W. H. Freeman}
}

@book{nederpeltgeuvers,
 author={Nederpelt, Rob and Geuvers, Herman},
 title={Type Theory and Formal Proof: An Introduction},
 year={2014},
 isbn={110703650X, 9781107036505},
 edition={1st},
 publisher={Cambridge University Press},
 address={New York, NY, USA}
}

@book{ttfp,
 author={Simon Thompson},
 title={Type Theory and Functional Programming},
 year={1991},
 publisher={Addison--Wesley Longman Publishing Co., Inc.}
}

@book{hott,
 author={The {Univalent Foundations Program}},
 title={Homotopy Type Theory: Univalent Foundations of Mathematics},
 publisher={\url{https://homotopytypetheory.org/book}},
 address={Institute for Advanced Study},
 year={2013}
}

@book{heytingintuitionism,
author = {Heyting, Arend},
title = {Intuitionism. An introduction.},
year = {1956},
publisher = {North-Holland Publishing Company, Amsterdam}
}

@book{dummettintuitionism,
 title={Elements of Intuitionism},
 author={Dummett, M. A. E.},
 isbn={9780198505242},
 series={Oxford logic guides},
 url={https://books.google.com.br/books?id=JVFzknbGBVAC},
 year={2000},
 publisher={Clarendon Press}
}

@book{bishopfca,
 title={Foundations of Constructive Analysis},
 author={Bishop, Errett},
 isbn={4-87187-714-0},
 year={1967},
 publisher={New York: Academic Press},
}

@book{bishopbridgesconstructive,
 title={Constructive Analysis},
 author={Bishop, Errett and Bridges, Douglas},
 isbn={0-387-15066-8},
 year={1985},
 publisher={New York: Academic Press},
}

@book{lecturesch,
 author={Sørensen, Morten Heine and Urzyczyn, Paweł},
 title={Lectures on the Curry--Howard Isomorphism},
 series={Studies in Logic and the Foundations of Mathematics},
 volume={149},
 year={2006},
 isbn={0444520775},
 publisher={Elsevier Science},
} 

@book{wadlerplfa,
 author={Philip Wadler and Wen Kokke},
 title={Programming Language Foundations in Agda},
 year={2018},
 publisher={Electronic textbook},
 url={http://plfa.github.io/}
}

@book{piercesf1,
 author={Benjamin C. Pierce
         and Arthur Azevedo de Amorim 
         and Chris Casinghino
         and Marco Gaboardi
         and Michael Greenberg
         and Cătălin Hriţcu
         and Vilhelm Sjöberg
         and Brent Yorgey},
 title={Software Foundations, Vol.~1},
 year={2017},
 publisher={Electronic textbook},
 url={http://softwarefoundations.cis.upenn.edu/}
}

@book{piercetapl,
 author={Benjamin C. Pierce},
 title={Types and Programming Languages},
 publisher={MIT Press},
 year={2002},
 url={http://www.cis.upenn.edu/~bcpierce/tapl},
 errata={http://www.cis.upenn.edu/~bcpierce/tapl/errata.txt},
}

@book{cantortransfinite,
 author={Cantor, Georg},
 title={Contributions to the founding of the theory of transfinite numbers},
 publisher={Dover Publ.},
 address={New York},
 series={Dover Books on Mathematics},
 year={1955},
 url={http://cds.cern.ch/record/1544567},
}

@article{cantor1874,
 author={Cantor, Georg},
 year={1874},
 title={Ueber eine eigenschaft des inbegriffs aller reellen algebraischen zahlen},
 journal={J. Reine Angew.Math., 77},
 pages={258--263}
}

@article{cantorch,
 author={Cantor, Georg},
 title={Ein beitrag zur mannigfaltigkeitslehre},
 year={1878},
 journal={J. Reine Angew. Math., 84},
 pages={242--258}
}

@article{cantor1884,
 author={Cantor, Georg},
 title={Ueber unendliche, lineare Punktmannichfaltigkeiten},
 year={1884},
 journal={Math. Ann., 23},
 pages={453--488}
}

@article{cantor1891,
 author={Cantor, Georg},
 title={Ueber eine elementare Frage der Mannigfaltigkeitslehre},
 year={1891},
 journal={Jahresbericht der DeutschenMathematiker-Vereinigung},
 pages={75--78}
}

@article{srivastavacantor,
 author={Srivastava, S. M.},
 title={How did Cantor discover set theory and topology?},
 journal={Resonance},
 year={2014},
 month={Nov},
 day={01},
 volume={19},
 number={11},
 pages={977--999},
 issn={0973-712X},
 doi={10.1007/s12045-014-0117-8},
}

@article{cantordedekind,
 author={Cantor, Georg and Dedekind, Richard},
 editor={Noether, Emmy and Cavaillès, Jean},
 year={1937},
 title={Briefwechsel Cantor--Dedekind},
 publisher={Hermann, Paris}
}

@article{gouveacantor,
 author={Gouvêa, Fernando Quadros},
 year={2011},
 title={Was Cantor surprised?},
 journal={Amer. Math. Monthly},
 volume={118},
 number={3},
 pages={198--209}
}

@article{ferreiroscantordedekind,
 author={José Ferreirós},
 year={1993},
 title={On the Relations between Georg Cantor and Richard Dedekind},
 journal={Historia Mathematica},
 volume={20},
 pages={343--363}
}

@article{grayaboutcantor,
 title={Georg Cantor and transcendental numbers},
 author={Robert Gray},
 year={1994},
 journal={Amer. Math. Monthly},
 volume={101},
 number={9},
 pages={819--832},
}

@phdthesis{frechetthesis,
 title={Sur quelques points de calcul fonctionnel},
 author={Fr{\relax é}chet, Maurice},
 year={1906},
}

@book{programmingmltt,
 author={Nordström, Bengt and Petersson, Kent and Smith, Jan M.},
 publisher={Clarendon},
 title={Programming in Martin-Löf type theory: an introduction},
 year={1990}
}

@misc{wiki:List_of_fallacies,
 author={Wikipedia},
 title={List of fallacies --- {W}ikipedia{,} The Free Encyclopedia},
 year={2020},
 howpublished = {\url{http://en.wikipedia.org/w/index.php?title=List_of_fallacies&oldid=946516412}},
}

@misc{wiki:Mathematical_fallacy,
 author={Wikipedia},
 title={Mathematical fallacy --- {W}ikipedia{,} The Free Encyclopedia},
 year={2020},
 howpublished = {\url{https://en.wikipedia.org/w/index.php?title=Mathematical_fallacy&oldid=949236755}},
}

@misc{poonenrings,
 title={Why all rings should have a 1},
 author={Bjorn Poonen},
 year={2014},
 eprint={1404.0135},
 archivePrefix={arXiv},
 primaryClass={math.RA}
}

@book{vanderWaerden1,
 title={Algebra},
 author={Bartel Leendert van der Waerden},
 number={vol 1},
 isbn={9780387406244},
 url={https://books.google.com.br/books?id=XDN8yR8R1OUC},
 year={2003},
 publisher={Springer New York}
}

@book{vanderWaerden2,
 title={Algebra},
 author={Bartel Leendert van der Waerden},
 number={vol 2},
 isbn={9780387406251},
 url={https://books.google.com.br/books?id=cvOgYpQ7KMIC},
 year={2003},
 publisher={Springer New York}
}

@article{wiles95,
 author={Andrew Wiles},
 title={Modular Elliptic Curves and {Fermat's} Last Theorem},
 journal={Annals of Mathematics},
 volume={141},
 year={1995},
 pages={443--551},
 number={3},
}

@article{taylorwiles95,
 author={Richard Taylor and Andrew Wiles},
 title={Ring-Theoretic Properties of Certain Hecke Algebras},
 journal={Annals of Mathematics},
 volume={141},
 year={1995},
 pages={553--572},
 number={3},
}

